%YAML 1.1
%TAG !u! tag:unity3d.com,2011:
--- !u!1 &1453071470764758720
GameObject:
  m_ObjectHideFlags: 0
  m_CorrespondingSourceObject: {fileID: 0}
  m_PrefabInstance: {fileID: 0}
  m_PrefabAsset: {fileID: 0}
  serializedVersion: 6
  m_Component:
  - component: {fileID: 1453071470764758721}
  m_Layer: 0
  m_Name: Stage4
  m_TagString: Untagged
  m_Icon: {fileID: 0}
  m_NavMeshLayer: 0
  m_StaticEditorFlags: 0
  m_IsActive: 1
--- !u!4 &1453071470764758721
Transform:
  m_ObjectHideFlags: 0
  m_CorrespondingSourceObject: {fileID: 0}
  m_PrefabInstance: {fileID: 0}
  m_PrefabAsset: {fileID: 0}
  m_GameObject: {fileID: 1453071470764758720}
  m_LocalRotation: {x: -0, y: -0, z: -0, w: 1}
  m_LocalPosition: {x: 0, y: 0, z: 0}
  m_LocalScale: {x: 1, y: 1, z: 1}
  m_Children:
  - {fileID: 2413231285621496176}
  - {fileID: 3177371587431123449}
  - {fileID: 3159240058309311754}
  - {fileID: 7682280746437157610}
  - {fileID: 9113742931879071654}
  - {fileID: 79100090867702264}
  - {fileID: 807724598578424389}
  - {fileID: 2412988097094198422}
  - {fileID: 6492136546925624253}
  m_Father: {fileID: 0}
  m_RootOrder: 0
  m_LocalEulerAnglesHint: {x: 0, y: 0, z: 0}
--- !u!64 &3670052376149638397
MeshCollider:
  m_ObjectHideFlags: 0
  m_CorrespondingSourceObject: {fileID: 0}
  m_PrefabInstance: {fileID: 0}
  m_PrefabAsset: {fileID: 0}
  m_GameObject: {fileID: 2413231285621458240}
  m_Material: {fileID: 0}
  m_IsTrigger: 0
  m_Enabled: 1
  serializedVersion: 3
  m_Convex: 0
  m_CookingOptions: 14
  m_Mesh: {fileID: 4300026, guid: 5e593f2fc0172492ea0fc78da3fd34df, type: 3}
--- !u!1 &3007469252127417905
GameObject:
  m_ObjectHideFlags: 0
  m_CorrespondingSourceObject: {fileID: 0}
  m_PrefabInstance: {fileID: 0}
  m_PrefabAsset: {fileID: 0}
  serializedVersion: 6
  m_Component:
  - component: {fileID: 2412988097094198422}
  - component: {fileID: 761406832963790710}
  - component: {fileID: 4925630818500470824}
  - component: {fileID: 6703553523826931112}
  m_Layer: 0
  m_Name: Start
  m_TagString: Untagged
  m_Icon: {fileID: 0}
  m_NavMeshLayer: 0
  m_StaticEditorFlags: 0
  m_IsActive: 1
--- !u!4 &2412988097094198422
Transform:
  m_ObjectHideFlags: 0
  m_CorrespondingSourceObject: {fileID: 0}
  m_PrefabInstance: {fileID: 0}
  m_PrefabAsset: {fileID: 0}
  m_GameObject: {fileID: 3007469252127417905}
  m_LocalRotation: {x: -0, y: -0, z: -0, w: 1}
  m_LocalPosition: {x: 0, y: 0, z: 0}
  m_LocalScale: {x: 0.19999999, y: 0.19999999, z: 0.19999999}
  m_Children: []
  m_Father: {fileID: 1453071470764758721}
  m_RootOrder: 7
  m_LocalEulerAnglesHint: {x: 0, y: 0, z: 0}
--- !u!33 &761406832963790710
MeshFilter:
  m_ObjectHideFlags: 0
  m_CorrespondingSourceObject: {fileID: 0}
  m_PrefabInstance: {fileID: 0}
  m_PrefabAsset: {fileID: 0}
  m_GameObject: {fileID: 3007469252127417905}
  m_Mesh: {fileID: 10202, guid: 0000000000000000e000000000000000, type: 0}
--- !u!23 &4925630818500470824
MeshRenderer:
  m_ObjectHideFlags: 0
  m_CorrespondingSourceObject: {fileID: 0}
  m_PrefabInstance: {fileID: 0}
  m_PrefabAsset: {fileID: 0}
  m_GameObject: {fileID: 3007469252127417905}
  m_Enabled: 0
  m_CastShadows: 1
  m_ReceiveShadows: 1
  m_DynamicOccludee: 1
  m_MotionVectors: 1
  m_LightProbeUsage: 1
  m_ReflectionProbeUsage: 1
  m_RenderingLayerMask: 1
  m_RendererPriority: 0
  m_Materials:
  - {fileID: 10303, guid: 0000000000000000f000000000000000, type: 0}
  m_StaticBatchInfo:
    firstSubMesh: 0
    subMeshCount: 0
  m_StaticBatchRoot: {fileID: 0}
  m_ProbeAnchor: {fileID: 0}
  m_LightProbeVolumeOverride: {fileID: 0}
  m_ScaleInLightmap: 1
  m_PreserveUVs: 0
  m_IgnoreNormalsForChartDetection: 0
  m_ImportantGI: 0
  m_StitchLightmapSeams: 1
  m_SelectedEditorRenderState: 3
  m_MinimumChartSize: 4
  m_AutoUVMaxDistance: 0.5
  m_AutoUVMaxAngle: 89
  m_LightmapParameters: {fileID: 0}
  m_SortingLayerID: 0
  m_SortingLayer: 0
  m_SortingOrder: 0
--- !u!65 &6703553523826931112
BoxCollider:
  m_ObjectHideFlags: 0
  m_CorrespondingSourceObject: {fileID: 0}
  m_PrefabInstance: {fileID: 0}
  m_PrefabAsset: {fileID: 0}
  m_GameObject: {fileID: 3007469252127417905}
  m_Material: {fileID: 0}
  m_IsTrigger: 1
  m_Enabled: 1
  serializedVersion: 2
  m_Size: {x: 1, y: 1, z: 1}
  m_Center: {x: 0, y: 0, z: 0}
--- !u!1 &8125389278861330036
GameObject:
  m_ObjectHideFlags: 0
  m_CorrespondingSourceObject: {fileID: 0}
  m_PrefabInstance: {fileID: 0}
  m_PrefabAsset: {fileID: 0}
  serializedVersion: 6
  m_Component:
  - component: {fileID: 3159240058309311754}
  - component: {fileID: 5975323244495855450}
  m_Layer: 0
  m_Name: Goal
  m_TagString: Untagged
  m_Icon: {fileID: 0}
  m_NavMeshLayer: 0
  m_StaticEditorFlags: 0
  m_IsActive: 1
--- !u!4 &3159240058309311754
Transform:
  m_ObjectHideFlags: 0
  m_CorrespondingSourceObject: {fileID: 0}
  m_PrefabInstance: {fileID: 0}
  m_PrefabAsset: {fileID: 0}
  m_GameObject: {fileID: 8125389278861330036}
  m_LocalRotation: {x: -0.7071067, y: 0.000000053385076, z: -0.000000053385076, w: 0.7071068}
  m_LocalPosition: {x: -28, y: -0.5, z: 5}
  m_LocalScale: {x: 0.2, y: 0.2, z: 0.2}
  m_Children:
  - {fileID: 5603869877625010573}
  m_Father: {fileID: 1453071470764758721}
  m_RootOrder: 2
  m_LocalEulerAnglesHint: {x: 0, y: 0, z: 0}
--- !u!65 &5975323244495855450
BoxCollider:
  m_ObjectHideFlags: 0
  m_CorrespondingSourceObject: {fileID: 0}
  m_PrefabInstance: {fileID: 0}
  m_PrefabAsset: {fileID: 0}
  m_GameObject: {fileID: 8125389278861330036}
  m_Material: {fileID: 0}
  m_IsTrigger: 1
  m_Enabled: 1
  serializedVersion: 2
  m_Size: {x: 1, y: 1, z: 1}
  m_Center: {x: 0, y: 0, z: 0}
--- !u!1 &8250136162614487143
GameObject:
  m_ObjectHideFlags: 0
  m_CorrespondingSourceObject: {fileID: 0}
  m_PrefabInstance: {fileID: 0}
  m_PrefabAsset: {fileID: 0}
  serializedVersion: 6
  m_Component:
  - component: {fileID: 807724598578424389}
  - component: {fileID: 3322380993707482333}
  - component: {fileID: 2092531982432957862}
  - component: {fileID: 2548725888359273331}
  m_Layer: 0
  m_Name: Block
  m_TagString: Untagged
  m_Icon: {fileID: 0}
  m_NavMeshLayer: 0
  m_StaticEditorFlags: 0
  m_IsActive: 1
--- !u!4 &807724598578424389
Transform:
  m_ObjectHideFlags: 0
  m_CorrespondingSourceObject: {fileID: 0}
  m_PrefabInstance: {fileID: 0}
  m_PrefabAsset: {fileID: 0}
  m_GameObject: {fileID: 8250136162614487143}
  m_LocalRotation: {x: -0, y: -0, z: -0, w: 1}
  m_LocalPosition: {x: -16.5, y: -0.5, z: 1.5}
  m_LocalScale: {x: 1, y: 2, z: 5}
  m_Children: []
  m_Father: {fileID: 1453071470764758721}
  m_RootOrder: 6
  m_LocalEulerAnglesHint: {x: 0, y: 0, z: 0}
--- !u!33 &3322380993707482333
MeshFilter:
  m_ObjectHideFlags: 0
  m_CorrespondingSourceObject: {fileID: 0}
  m_PrefabInstance: {fileID: 0}
  m_PrefabAsset: {fileID: 0}
  m_GameObject: {fileID: 8250136162614487143}
  m_Mesh: {fileID: 10202, guid: 0000000000000000e000000000000000, type: 0}
--- !u!23 &2092531982432957862
MeshRenderer:
  m_ObjectHideFlags: 0
  m_CorrespondingSourceObject: {fileID: 0}
  m_PrefabInstance: {fileID: 0}
  m_PrefabAsset: {fileID: 0}
  m_GameObject: {fileID: 8250136162614487143}
  m_Enabled: 1
  m_CastShadows: 1
  m_ReceiveShadows: 1
  m_DynamicOccludee: 1
  m_MotionVectors: 1
  m_LightProbeUsage: 1
  m_ReflectionProbeUsage: 1
  m_RenderingLayerMask: 1
  m_RendererPriority: 0
  m_Materials:
  - {fileID: 2100000, guid: 3b62718a4380642d8884e0e52a890094, type: 2}
  m_StaticBatchInfo:
    firstSubMesh: 0
    subMeshCount: 0
  m_StaticBatchRoot: {fileID: 0}
  m_ProbeAnchor: {fileID: 0}
  m_LightProbeVolumeOverride: {fileID: 0}
  m_ScaleInLightmap: 1
  m_PreserveUVs: 0
  m_IgnoreNormalsForChartDetection: 0
  m_ImportantGI: 0
  m_StitchLightmapSeams: 1
  m_SelectedEditorRenderState: 3
  m_MinimumChartSize: 4
  m_AutoUVMaxDistance: 0.5
  m_AutoUVMaxAngle: 89
  m_LightmapParameters: {fileID: 0}
  m_SortingLayerID: 0
  m_SortingLayer: 0
  m_SortingOrder: 0
--- !u!65 &2548725888359273331
BoxCollider:
  m_ObjectHideFlags: 0
  m_CorrespondingSourceObject: {fileID: 0}
  m_PrefabInstance: {fileID: 0}
  m_PrefabAsset: {fileID: 0}
  m_GameObject: {fileID: 8250136162614487143}
  m_Material: {fileID: 0}
  m_IsTrigger: 0
  m_Enabled: 1
  serializedVersion: 2
  m_Size: {x: 1, y: 1, z: 1}
  m_Center: {x: 0, y: 0, z: 0}
--- !u!65 &1717894626402285770
BoxCollider:
  m_ObjectHideFlags: 0
  m_CorrespondingSourceObject: {fileID: 0}
  m_PrefabInstance: {fileID: 0}
  m_PrefabAsset: {fileID: 0}
  m_GameObject: {fileID: 9113742931879071673}
  m_Material: {fileID: 0}
  m_IsTrigger: 1
  m_Enabled: 1
  serializedVersion: 2
  m_Size: {x: 1, y: 1, z: 1}
  m_Center: {x: 0, y: 0, z: 0}
--- !u!114 &5713584489391763479
MonoBehaviour:
  m_ObjectHideFlags: 0
  m_CorrespondingSourceObject: {fileID: 0}
  m_PrefabInstance: {fileID: 0}
  m_PrefabAsset: {fileID: 0}
  m_GameObject: {fileID: 9113742931879071673}
  m_Enabled: 1
  m_EditorHideFlags: 0
  m_Script: {fileID: 11500000, guid: e3a677dd23c244fbca4dc81e406e56ad, type: 3}
  m_Name: 
  m_EditorClassIdentifier: 
  dir: 3
  type: 1
  length: 5
  wait: 1
  speed: 0.5
--- !u!1001 &1453071469896455570
PrefabInstance:
  m_ObjectHideFlags: 0
  serializedVersion: 2
  m_Modification:
    m_TransformParent: {fileID: 1453071470764758721}
    m_Modifications:
    - target: {fileID: 3843784744353222850, guid: d7e9aea4ae24a408abba7b9bf49ce23d,
        type: 3}
      propertyPath: m_Name
      value: p_goal
      objectReference: {fileID: 0}
    - target: {fileID: 3843784744353058018, guid: d7e9aea4ae24a408abba7b9bf49ce23d,
        type: 3}
      propertyPath: m_LocalPosition.x
      value: -28
      objectReference: {fileID: 0}
    - target: {fileID: 3843784744353058018, guid: d7e9aea4ae24a408abba7b9bf49ce23d,
        type: 3}
      propertyPath: m_LocalPosition.y
      value: -1
      objectReference: {fileID: 0}
    - target: {fileID: 3843784744353058018, guid: d7e9aea4ae24a408abba7b9bf49ce23d,
        type: 3}
      propertyPath: m_LocalPosition.z
      value: 5
      objectReference: {fileID: 0}
    - target: {fileID: 3843784744353058018, guid: d7e9aea4ae24a408abba7b9bf49ce23d,
        type: 3}
      propertyPath: m_LocalRotation.x
      value: -0
      objectReference: {fileID: 0}
    - target: {fileID: 3843784744353058018, guid: d7e9aea4ae24a408abba7b9bf49ce23d,
        type: 3}
      propertyPath: m_LocalRotation.y
      value: -0
      objectReference: {fileID: 0}
    - target: {fileID: 3843784744353058018, guid: d7e9aea4ae24a408abba7b9bf49ce23d,
        type: 3}
      propertyPath: m_LocalRotation.z
      value: -0
      objectReference: {fileID: 0}
    - target: {fileID: 3843784744353058018, guid: d7e9aea4ae24a408abba7b9bf49ce23d,
        type: 3}
      propertyPath: m_LocalRotation.w
      value: 1
      objectReference: {fileID: 0}
    - target: {fileID: 3843784744353058018, guid: d7e9aea4ae24a408abba7b9bf49ce23d,
        type: 3}
      propertyPath: m_RootOrder
      value: 0
      objectReference: {fileID: 0}
    - target: {fileID: 3843784744353058018, guid: d7e9aea4ae24a408abba7b9bf49ce23d,
        type: 3}
      propertyPath: m_LocalEulerAnglesHint.x
      value: 0
      objectReference: {fileID: 0}
    - target: {fileID: 3843784744353058018, guid: d7e9aea4ae24a408abba7b9bf49ce23d,
        type: 3}
      propertyPath: m_LocalEulerAnglesHint.y
      value: 0
      objectReference: {fileID: 0}
    - target: {fileID: 3843784744353058018, guid: d7e9aea4ae24a408abba7b9bf49ce23d,
        type: 3}
      propertyPath: m_LocalEulerAnglesHint.z
      value: 0
      objectReference: {fileID: 0}
    m_RemovedComponents: []
  m_SourcePrefab: {fileID: 100100000, guid: d7e9aea4ae24a408abba7b9bf49ce23d, type: 3}
--- !u!1 &2413231285621458240 stripped
GameObject:
  m_CorrespondingSourceObject: {fileID: 3843784744353222866, guid: d7e9aea4ae24a408abba7b9bf49ce23d,
    type: 3}
  m_PrefabInstance: {fileID: 1453071469896455570}
  m_PrefabAsset: {fileID: 0}
--- !u!4 &2413231285621496176 stripped
Transform:
  m_CorrespondingSourceObject: {fileID: 3843784744353058018, guid: d7e9aea4ae24a408abba7b9bf49ce23d,
    type: 3}
  m_PrefabInstance: {fileID: 1453071469896455570}
  m_PrefabAsset: {fileID: 0}
--- !u!1001 &1453071471338657614
PrefabInstance:
  m_ObjectHideFlags: 0
  serializedVersion: 2
  m_Modification:
    m_TransformParent: {fileID: 1453071470764758721}
    m_Modifications:
    - target: {fileID: 4049319158996098739, guid: 267a57ed88b9c4ade82ca75d0afe2310,
        type: 3}
      propertyPath: m_Name
      value: p_start
      objectReference: {fileID: 0}
    - target: {fileID: 4049319158996098743, guid: 267a57ed88b9c4ade82ca75d0afe2310,
        type: 3}
      propertyPath: m_LocalPosition.x
      value: 0
      objectReference: {fileID: 0}
    - target: {fileID: 4049319158996098743, guid: 267a57ed88b9c4ade82ca75d0afe2310,
        type: 3}
      propertyPath: m_LocalPosition.y
      value: -1
      objectReference: {fileID: 0}
    - target: {fileID: 4049319158996098743, guid: 267a57ed88b9c4ade82ca75d0afe2310,
        type: 3}
      propertyPath: m_LocalPosition.z
      value: 0
      objectReference: {fileID: 0}
    - target: {fileID: 4049319158996098743, guid: 267a57ed88b9c4ade82ca75d0afe2310,
        type: 3}
      propertyPath: m_LocalRotation.x
      value: -0
      objectReference: {fileID: 0}
    - target: {fileID: 4049319158996098743, guid: 267a57ed88b9c4ade82ca75d0afe2310,
        type: 3}
      propertyPath: m_LocalRotation.y
      value: -0
      objectReference: {fileID: 0}
    - target: {fileID: 4049319158996098743, guid: 267a57ed88b9c4ade82ca75d0afe2310,
        type: 3}
      propertyPath: m_LocalRotation.z
      value: -0
      objectReference: {fileID: 0}
    - target: {fileID: 4049319158996098743, guid: 267a57ed88b9c4ade82ca75d0afe2310,
        type: 3}
      propertyPath: m_LocalRotation.w
      value: 1
      objectReference: {fileID: 0}
    - target: {fileID: 4049319158996098743, guid: 267a57ed88b9c4ade82ca75d0afe2310,
        type: 3}
      propertyPath: m_RootOrder
      value: 1
      objectReference: {fileID: 0}
    - target: {fileID: 4049319158996098743, guid: 267a57ed88b9c4ade82ca75d0afe2310,
        type: 3}
      propertyPath: m_LocalEulerAnglesHint.x
      value: 0
      objectReference: {fileID: 0}
    - target: {fileID: 4049319158996098743, guid: 267a57ed88b9c4ade82ca75d0afe2310,
        type: 3}
      propertyPath: m_LocalEulerAnglesHint.y
      value: 0
      objectReference: {fileID: 0}
    - target: {fileID: 4049319158996098743, guid: 267a57ed88b9c4ade82ca75d0afe2310,
        type: 3}
      propertyPath: m_LocalEulerAnglesHint.z
      value: 0
      objectReference: {fileID: 0}
    m_RemovedComponents: []
  m_SourcePrefab: {fileID: 100100000, guid: 267a57ed88b9c4ade82ca75d0afe2310, type: 3}
--- !u!4 &3177371587431123449 stripped
Transform:
  m_CorrespondingSourceObject: {fileID: 4049319158996098743, guid: 267a57ed88b9c4ade82ca75d0afe2310,
    type: 3}
  m_PrefabInstance: {fileID: 1453071471338657614}
  m_PrefabAsset: {fileID: 0}
--- !u!1001 &2854652121007557266
PrefabInstance:
  m_ObjectHideFlags: 0
  serializedVersion: 2
  m_Modification:
    m_TransformParent: {fileID: 1453071470764758721}
    m_Modifications:
    - target: {fileID: 6331223220906490992, guid: 6d4453dc03a5848978544af1f99a2256,
        type: 3}
      propertyPath: stage
      value: 4
      objectReference: {fileID: 0}
    - target: {fileID: 9044759879044935971, guid: 6d4453dc03a5848978544af1f99a2256,
        type: 3}
      propertyPath: m_Name
      value: Star
      objectReference: {fileID: 0}
    - target: {fileID: 9044759879044935983, guid: 6d4453dc03a5848978544af1f99a2256,
        type: 3}
      propertyPath: m_LocalPosition.x
      value: -12
      objectReference: {fileID: 0}
    - target: {fileID: 9044759879044935983, guid: 6d4453dc03a5848978544af1f99a2256,
        type: 3}
      propertyPath: m_LocalPosition.y
      value: 0
      objectReference: {fileID: 0}
    - target: {fileID: 9044759879044935983, guid: 6d4453dc03a5848978544af1f99a2256,
        type: 3}
      propertyPath: m_LocalPosition.z
      value: 5
      objectReference: {fileID: 0}
    - target: {fileID: 9044759879044935983, guid: 6d4453dc03a5848978544af1f99a2256,
        type: 3}
      propertyPath: m_LocalRotation.x
      value: -0.7071068
      objectReference: {fileID: 0}
    - target: {fileID: 9044759879044935983, guid: 6d4453dc03a5848978544af1f99a2256,
        type: 3}
      propertyPath: m_LocalRotation.y
      value: 0
      objectReference: {fileID: 0}
    - target: {fileID: 9044759879044935983, guid: 6d4453dc03a5848978544af1f99a2256,
        type: 3}
      propertyPath: m_LocalRotation.z
      value: 0
      objectReference: {fileID: 0}
    - target: {fileID: 9044759879044935983, guid: 6d4453dc03a5848978544af1f99a2256,
        type: 3}
      propertyPath: m_LocalRotation.w
      value: 0.7071068
      objectReference: {fileID: 0}
    - target: {fileID: 9044759879044935983, guid: 6d4453dc03a5848978544af1f99a2256,
        type: 3}
      propertyPath: m_RootOrder
      value: 8
      objectReference: {fileID: 0}
    - target: {fileID: 9044759879044935983, guid: 6d4453dc03a5848978544af1f99a2256,
        type: 3}
      propertyPath: m_LocalEulerAnglesHint.x
      value: -90
      objectReference: {fileID: 0}
    - target: {fileID: 9044759879044935983, guid: 6d4453dc03a5848978544af1f99a2256,
        type: 3}
      propertyPath: m_LocalEulerAnglesHint.y
      value: 0
      objectReference: {fileID: 0}
    - target: {fileID: 9044759879044935983, guid: 6d4453dc03a5848978544af1f99a2256,
        type: 3}
      propertyPath: m_LocalEulerAnglesHint.z
      value: 0
      objectReference: {fileID: 0}
    m_RemovedComponents: []
  m_SourcePrefab: {fileID: 100100000, guid: 6d4453dc03a5848978544af1f99a2256, type: 3}
--- !u!4 &6492136546925624253 stripped
Transform:
  m_CorrespondingSourceObject: {fileID: 9044759879044935983, guid: 6d4453dc03a5848978544af1f99a2256,
    type: 3}
  m_PrefabInstance: {fileID: 2854652121007557266}
  m_PrefabAsset: {fileID: 0}
--- !u!1001 &3522403648259886536
PrefabInstance:
  m_ObjectHideFlags: 0
  serializedVersion: 2
  m_Modification:
    m_TransformParent: {fileID: 1453071470764758721}
    m_Modifications:
    - target: {fileID: 6520903118587670317, guid: 24997de821f3d4c04931bb4f0159185a,
        type: 3}
      propertyPath: m_Name
      value: p_road (2)
      objectReference: {fileID: 0}
    - target: {fileID: 6520903118587670306, guid: 24997de821f3d4c04931bb4f0159185a,
        type: 3}
      propertyPath: m_LocalPosition.x
      value: -6
      objectReference: {fileID: 0}
    - target: {fileID: 6520903118587670306, guid: 24997de821f3d4c04931bb4f0159185a,
        type: 3}
      propertyPath: m_LocalPosition.y
      value: -1
      objectReference: {fileID: 0}
    - target: {fileID: 6520903118587670306, guid: 24997de821f3d4c04931bb4f0159185a,
        type: 3}
      propertyPath: m_LocalPosition.z
      value: 0
      objectReference: {fileID: 0}
    - target: {fileID: 6520903118587670306, guid: 24997de821f3d4c04931bb4f0159185a,
        type: 3}
      propertyPath: m_LocalRotation.x
      value: -0
      objectReference: {fileID: 0}
    - target: {fileID: 6520903118587670306, guid: 24997de821f3d4c04931bb4f0159185a,
        type: 3}
      propertyPath: m_LocalRotation.y
      value: -0
      objectReference: {fileID: 0}
    - target: {fileID: 6520903118587670306, guid: 24997de821f3d4c04931bb4f0159185a,
        type: 3}
      propertyPath: m_LocalRotation.z
      value: -0
      objectReference: {fileID: 0}
    - target: {fileID: 6520903118587670306, guid: 24997de821f3d4c04931bb4f0159185a,
        type: 3}
      propertyPath: m_LocalRotation.w
      value: 1
      objectReference: {fileID: 0}
    - target: {fileID: 6520903118587670306, guid: 24997de821f3d4c04931bb4f0159185a,
        type: 3}
      propertyPath: m_RootOrder
      value: 3
      objectReference: {fileID: 0}
    - target: {fileID: 6520903118587670306, guid: 24997de821f3d4c04931bb4f0159185a,
        type: 3}
      propertyPath: m_LocalEulerAnglesHint.x
      value: 0
      objectReference: {fileID: 0}
    - target: {fileID: 6520903118587670306, guid: 24997de821f3d4c04931bb4f0159185a,
        type: 3}
      propertyPath: m_LocalEulerAnglesHint.y
      value: 0
      objectReference: {fileID: 0}
    - target: {fileID: 6520903118587670306, guid: 24997de821f3d4c04931bb4f0159185a,
        type: 3}
      propertyPath: m_LocalEulerAnglesHint.z
      value: 0
      objectReference: {fileID: 0}
    m_RemovedComponents: []
  m_SourcePrefab: {fileID: 100100000, guid: 24997de821f3d4c04931bb4f0159185a, type: 3}
--- !u!4 &7682280746437157610 stripped
Transform:
  m_CorrespondingSourceObject: {fileID: 6520903118587670306, guid: 24997de821f3d4c04931bb4f0159185a,
    type: 3}
  m_PrefabInstance: {fileID: 3522403648259886536}
  m_PrefabAsset: {fileID: 0}
--- !u!1001 &5542826717198047006
PrefabInstance:
  m_ObjectHideFlags: 0
  serializedVersion: 2
  m_Modification:
    m_TransformParent: {fileID: 1453071470764758721}
    m_Modifications:
    - target: {fileID: 3645267390578776231, guid: 2054acd382c714700b6e34d3385dbf5f,
        type: 3}
      propertyPath: m_Name
      value: p_gimmick_road
      objectReference: {fileID: 0}
    - target: {fileID: 3645267390578776248, guid: 2054acd382c714700b6e34d3385dbf5f,
        type: 3}
      propertyPath: m_LocalPosition.x
      value: -13.5
      objectReference: {fileID: 0}
    - target: {fileID: 3645267390578776248, guid: 2054acd382c714700b6e34d3385dbf5f,
        type: 3}
      propertyPath: m_LocalPosition.y
      value: -1
      objectReference: {fileID: 0}
    - target: {fileID: 3645267390578776248, guid: 2054acd382c714700b6e34d3385dbf5f,
        type: 3}
      propertyPath: m_LocalPosition.z
      value: 0
      objectReference: {fileID: 0}
    - target: {fileID: 3645267390578776248, guid: 2054acd382c714700b6e34d3385dbf5f,
        type: 3}
      propertyPath: m_LocalRotation.x
      value: -0
      objectReference: {fileID: 0}
    - target: {fileID: 3645267390578776248, guid: 2054acd382c714700b6e34d3385dbf5f,
        type: 3}
      propertyPath: m_LocalRotation.y
      value: -0
      objectReference: {fileID: 0}
    - target: {fileID: 3645267390578776248, guid: 2054acd382c714700b6e34d3385dbf5f,
        type: 3}
      propertyPath: m_LocalRotation.z
      value: -0
      objectReference: {fileID: 0}
    - target: {fileID: 3645267390578776248, guid: 2054acd382c714700b6e34d3385dbf5f,
        type: 3}
      propertyPath: m_LocalRotation.w
      value: 1
      objectReference: {fileID: 0}
    - target: {fileID: 3645267390578776248, guid: 2054acd382c714700b6e34d3385dbf5f,
        type: 3}
      propertyPath: m_RootOrder
      value: 4
      objectReference: {fileID: 0}
    - target: {fileID: 3645267390578776248, guid: 2054acd382c714700b6e34d3385dbf5f,
        type: 3}
      propertyPath: m_LocalEulerAnglesHint.x
      value: 0
      objectReference: {fileID: 0}
    - target: {fileID: 3645267390578776248, guid: 2054acd382c714700b6e34d3385dbf5f,
        type: 3}
      propertyPath: m_LocalEulerAnglesHint.y
      value: 0
      objectReference: {fileID: 0}
    - target: {fileID: 3645267390578776248, guid: 2054acd382c714700b6e34d3385dbf5f,
        type: 3}
      propertyPath: m_LocalEulerAnglesHint.z
      value: 0
      objectReference: {fileID: 0}
    m_RemovedComponents: []
  m_SourcePrefab: {fileID: 100100000, guid: 2054acd382c714700b6e34d3385dbf5f, type: 3}
--- !u!1 &9113742931879071673 stripped
GameObject:
  m_CorrespondingSourceObject: {fileID: 3645267390578776231, guid: 2054acd382c714700b6e34d3385dbf5f,
    type: 3}
  m_PrefabInstance: {fileID: 5542826717198047006}
  m_PrefabAsset: {fileID: 0}
--- !u!4 &9113742931879071654 stripped
Transform:
  m_CorrespondingSourceObject: {fileID: 3645267390578776248, guid: 2054acd382c714700b6e34d3385dbf5f,
    type: 3}
  m_PrefabInstance: {fileID: 5542826717198047006}
  m_PrefabAsset: {fileID: 0}
--- !u!1001 &5603869877625372905
PrefabInstance:
  m_ObjectHideFlags: 0
  serializedVersion: 2
  m_Modification:
    m_TransformParent: {fileID: 3159240058309311754}
    m_Modifications:
    - target: {fileID: 166724, guid: 254ac81d69ffe6342ad05aa1f459477e, type: 3}
      propertyPath: m_Name
      value: MagicAuraGreen
      objectReference: {fileID: 0}
    - target: {fileID: 457060, guid: 254ac81d69ffe6342ad05aa1f459477e, type: 3}
      propertyPath: m_LocalPosition.x
      value: 0
      objectReference: {fileID: 0}
    - target: {fileID: 457060, guid: 254ac81d69ffe6342ad05aa1f459477e, type: 3}
      propertyPath: m_LocalPosition.y
      value: 0
      objectReference: {fileID: 0}
    - target: {fileID: 457060, guid: 254ac81d69ffe6342ad05aa1f459477e, type: 3}
      propertyPath: m_LocalPosition.z
      value: 0
      objectReference: {fileID: 0}
    - target: {fileID: 457060, guid: 254ac81d69ffe6342ad05aa1f459477e, type: 3}
      propertyPath: m_LocalRotation.x
      value: -0.00000008940697
      objectReference: {fileID: 0}
    - target: {fileID: 457060, guid: 254ac81d69ffe6342ad05aa1f459477e, type: 3}
      propertyPath: m_LocalRotation.y
      value: -0.00000007549791
      objectReference: {fileID: 0}
    - target: {fileID: 457060, guid: 254ac81d69ffe6342ad05aa1f459477e, type: 3}
      propertyPath: m_LocalRotation.z
      value: -1.4715821e-15
      objectReference: {fileID: 0}
    - target: {fileID: 457060, guid: 254ac81d69ffe6342ad05aa1f459477e, type: 3}
      propertyPath: m_LocalRotation.w
      value: 1
      objectReference: {fileID: 0}
    - target: {fileID: 457060, guid: 254ac81d69ffe6342ad05aa1f459477e, type: 3}
      propertyPath: m_RootOrder
      value: 0
      objectReference: {fileID: 0}
    - target: {fileID: 457060, guid: 254ac81d69ffe6342ad05aa1f459477e, type: 3}
      propertyPath: m_LocalEulerAnglesHint.x
      value: -90
      objectReference: {fileID: 0}
    - target: {fileID: 457060, guid: 254ac81d69ffe6342ad05aa1f459477e, type: 3}
      propertyPath: m_LocalEulerAnglesHint.y
      value: 0
      objectReference: {fileID: 0}
    - target: {fileID: 457060, guid: 254ac81d69ffe6342ad05aa1f459477e, type: 3}
      propertyPath: m_LocalEulerAnglesHint.z
      value: 0
      objectReference: {fileID: 0}
    - target: {fileID: 457060, guid: 254ac81d69ffe6342ad05aa1f459477e, type: 3}
      propertyPath: m_LocalScale.x
      value: 5
      objectReference: {fileID: 0}
    - target: {fileID: 457060, guid: 254ac81d69ffe6342ad05aa1f459477e, type: 3}
      propertyPath: m_LocalScale.y
      value: 5
      objectReference: {fileID: 0}
    - target: {fileID: 457060, guid: 254ac81d69ffe6342ad05aa1f459477e, type: 3}
      propertyPath: m_LocalScale.z
      value: 5
      objectReference: {fileID: 0}
    - target: {fileID: 19878952, guid: 254ac81d69ffe6342ad05aa1f459477e, type: 3}
      propertyPath: InitialModule.startRotationX.minMaxState
      value: 3
      objectReference: {fileID: 0}
    - target: {fileID: 19878952, guid: 254ac81d69ffe6342ad05aa1f459477e, type: 3}
      propertyPath: InitialModule.startRotationY.minMaxState
      value: 3
      objectReference: {fileID: 0}
    m_RemovedComponents: []
  m_SourcePrefab: {fileID: 100100000, guid: 254ac81d69ffe6342ad05aa1f459477e, type: 3}
--- !u!4 &5603869877625010573 stripped
Transform:
  m_CorrespondingSourceObject: {fileID: 457060, guid: 254ac81d69ffe6342ad05aa1f459477e,
    type: 3}
  m_PrefabInstance: {fileID: 5603869877625372905}
  m_PrefabAsset: {fileID: 0}
--- !u!1001 &6586483442680690394
PrefabInstance:
  m_ObjectHideFlags: 0
  serializedVersion: 2
  m_Modification:
    m_TransformParent: {fileID: 1453071470764758721}
    m_Modifications:
    - target: {fileID: 6520903118587670317, guid: 24997de821f3d4c04931bb4f0159185a,
        type: 3}
      propertyPath: m_Name
      value: p_road (3)
      objectReference: {fileID: 0}
    - target: {fileID: 6520903118587670306, guid: 24997de821f3d4c04931bb4f0159185a,
        type: 3}
      propertyPath: m_LocalPosition.x
      value: -21
      objectReference: {fileID: 0}
    - target: {fileID: 6520903118587670306, guid: 24997de821f3d4c04931bb4f0159185a,
        type: 3}
      propertyPath: m_LocalPosition.y
      value: -1
      objectReference: {fileID: 0}
    - target: {fileID: 6520903118587670306, guid: 24997de821f3d4c04931bb4f0159185a,
        type: 3}
      propertyPath: m_LocalPosition.z
      value: 5
      objectReference: {fileID: 0}
    - target: {fileID: 6520903118587670306, guid: 24997de821f3d4c04931bb4f0159185a,
        type: 3}
      propertyPath: m_LocalRotation.x
      value: -0
      objectReference: {fileID: 0}
    - target: {fileID: 6520903118587670306, guid: 24997de821f3d4c04931bb4f0159185a,
        type: 3}
      propertyPath: m_LocalRotation.y
      value: -0
      objectReference: {fileID: 0}
    - target: {fileID: 6520903118587670306, guid: 24997de821f3d4c04931bb4f0159185a,
        type: 3}
      propertyPath: m_LocalRotation.z
      value: -0
      objectReference: {fileID: 0}
    - target: {fileID: 6520903118587670306, guid: 24997de821f3d4c04931bb4f0159185a,
        type: 3}
      propertyPath: m_LocalRotation.w
      value: 1
      objectReference: {fileID: 0}
    - target: {fileID: 6520903118587670306, guid: 24997de821f3d4c04931bb4f0159185a,
        type: 3}
      propertyPath: m_RootOrder
      value: 5
      objectReference: {fileID: 0}
    - target: {fileID: 6520903118587670306, guid: 24997de821f3d4c04931bb4f0159185a,
        type: 3}
      propertyPath: m_LocalEulerAnglesHint.x
      value: 0
      objectReference: {fileID: 0}
    - target: {fileID: 6520903118587670306, guid: 24997de821f3d4c04931bb4f0159185a,
        type: 3}
      propertyPath: m_LocalEulerAnglesHint.y
      value: 0
      objectReference: {fileID: 0}
    - target: {fileID: 6520903118587670306, guid: 24997de821f3d4c04931bb4f0159185a,
        type: 3}
      propertyPath: m_LocalEulerAnglesHint.z
      value: 0
      objectReference: {fileID: 0}
    m_RemovedComponents: []
  m_SourcePrefab: {fileID: 100100000, guid: 24997de821f3d4c04931bb4f0159185a, type: 3}
--- !u!4 &79100090867702264 stripped
Transform:
  m_CorrespondingSourceObject: {fileID: 6520903118587670306, guid: 24997de821f3d4c04931bb4f0159185a,
    type: 3}
  m_PrefabInstance: {fileID: 6586483442680690394}
  m_PrefabAsset: {fileID: 0}
